@inproceedings{huang2016point,
  title={Point cloud labeling using 3d convolutional neural network},
  author={Huang, Jing and You, Suya},
  booktitle={2016 23rd International Conference on Pattern Recognition (ICPR)},
  pages={2670--2675},
  year={2016},
  organization={IEEE}
}
@inproceedings{landrieu2018large,
  title={Large-scale point cloud semantic segmentation with superpoint graphs},
  author={Landrieu, Loic and Simonovsky, Martin},
  booktitle={Proceedings of the IEEE Conference on Computer Vision and Pattern Recognition},
  pages={4558--4567},
  year={2018}
}
@inproceedings{maturana2015voxnet,
  title={Voxnet: A 3d convolutional neural network for real-time object recognition},
  author={Maturana, Daniel and Scherer, Sebastian},
  booktitle={2015 IEEE/RSJ International Conference on Intelligent Robots and Systems (IROS)},
  pages={922--928},
  year={2015},
  organization={IEEE}
}

